%%% SciPy Community Citations

@article{dubois2007guest,
  title={Python---Batteries Included},
  author={Dubois, Paul F},
  journal={Computing in Science \& Engineering},
  volume={9},
  number={3},
  pages={7--9},
  year={2007},
  publisher={IEEE}
}

@article{oliphant2007python,
  title={Python for scientific computing},
  author={Oliphant, T. E.},
  journal={Computing in Science \& Engineering},
  volume={9},
  number={3},
  pages={10--20},
  year={2007},
  month={May-June},
  publisher={IEEE}
}

@article{perez2007ipython,
  title={{IP}ython: a system for interactive scientific computing},
  author={P{\'e}rez, Fernando and Granger, Brian E},
  journal={Computing in Science \& Engineering},
  volume={9},
  number={3},
  year={2007},
  publisher={IEEE}
}

@article{hunter2007matplotlib,
  title={Matplotlib: A 2D graphics environment},
  author={Hunter, John D},
  journal={Computing in science \& engineering},
  volume={9},
  number={3},
  pages={90--95},
  year={2007},
  publisher={IEEE}
}

@inproceedings{vanderwalt2008scipy,
  title={The {SciPy} documentation project (technical overview)},
  author={van der Walt, St{\'e}fan},
  booktitle={{Proceedings of the 7th Python in Science Conference}},
  editor={G. Varoquaux and T. Vaught and K. J. Millman},
  pages={27--28},
  year={2008}
}

@article{peterson2009f2py,
  title={{F2PY: a tool for connecting Fortran and Python programs}},
  author={Peterson, Pearu},
  journal={International Journal of Computational Science and Engineering},
  volume={4},
  number={4},
  pages={296--305},
  year={2009},
  publisher={Inderscience Publishers}
}

@article{millman2011python,
  title={Python for scientists and engineers},
  author={Millman, K Jarrod and Aivazis, Michael},
  journal={Computing in Science \& Engineering},
  volume={13},
  number={2},
  pages={9--12},
  year={2011},
  publisher={IEEE}
}

@article{perez2011python,
  title={Python: an ecosystem for scientific computing},
  author={P\'{e}rez, Fernando and Granger, Brian E and Hunter, John D},
  journal={Computing in Science \& Engineering},
  volume={13},
  number={2},
  pages={13--21},
  year={2011},
  publisher={IEEE}
}

@article{vanderwalt2011numpy,
  title={The {NumPy} array: a structure for efficient numerical computation},
  author={van der Walt, St{\'e}fan and Colbert, S Chris and Varoquaux, Ga{\"e}l},
  journal={Computing in Science \& Engineering},
  volume={13},
  number={2},
  pages={22--30},
  year={2011},
  publisher={IEEE}
}

@article{behnel2011cython,
  title={Cython: The best of both worlds},
  author={Behnel, Stefan and Bradshaw, Robert and Citro, Craig and Dalcin, Lisandro and Seljebotn, Dag Sverre and Smith, Kurt},
  journal={Computing in Science \& Engineering},
  volume={13},
  number={2},
  pages={31--39},
  year={2011},
  publisher={IEEE}
}

@article{pedregosa2011scikit,
  title={{Scikit-learn: Machine learning in Python}},
  author={Pedregosa, Fabian and Varoquaux, Ga{\"e}l and Gramfort, Alexandre and Michel, Vincent and Thirion, Bertrand and Grisel, Olivier and Blondel, Mathieu and Prettenhofer, Peter and Weiss, Ron and Dubourg, Vincent and others},
  journal={Journal of machine learning research},
  volume={12},
  number={Oct},
  pages={2825--2830},
  year={2011}
}

@article{vanderwalt2014scikit,
  title={scikit-image: image processing in {P}ython},
  author={van der Walt, St{\'e}fan and Sch{\"o}nberger, Johannes L and Nunez-Iglesias, Juan and Boulogne, Fran{\c{c}}ois and Warner, Joshua D and Yager, Neil and Gouillart, Emmanuelle and Yu, Tony},
  journal={PeerJ},
  volume={2},
  pages={e453},
  year={2014},
  publisher={PeerJ Inc.}
}

@article{millman2014developing,
  title={Developing open-source scientific practice},
  author={Millman, K Jarrod and P{\'e}rez, Fernando},
  journal={Implementing Reproducible Research. CRC Press, Boca Raton, FL},
  pages={149--183},
  year={2014}
}


@article{meurer2017sympy,
  title={{SymPy: symbolic computing in Python}},
  author={Meurer, Aaron and Smith, Christopher P and Paprocki, Mateusz and {\v{C}}ert{\'\i}k, Ond{\v{r}}ej and Kirpichev, Sergey B and Rocklin, Matthew and Kumar, AMiT and Ivanov, Sergiu and Moore, Jason K and Singh, Sartaj and others},
  journal={PeerJ Computer Science},
  volume={3},
  pages={e103},
  year={2017},
  publisher={PeerJ Inc.}
}

@Misc{SciPylib,
  author = {Eric Jones and Travis Oliphant and Pearu Peterson and others},
  title =  {{SciPy}: Open source scientific tools for {Python}},
  year =   {2001--},
  url = "http://www.scipy.org/",
  note = {[Online; accessed 2018-06-28]}
}

%%%%%%%%%%%

@article{kuhn1955hungarian,
  title={The Hungarian method for the assignment problem},
  author={Kuhn, Harold W},
  journal={Naval Research Logistics (NRL)},
  volume={2},
  number={1-2},
  pages={83--97},
  year={1955},
  publisher={Wiley Online Library}
}

@article{kuhn1956variants,
  title={Variants of the Hungarian method for assignment problems},
  author={Kuhn, Harold W},
  journal={Naval Research Logistics (NRL)},
  volume={3},
  number={4},
  pages={253--258},
  year={1956},
  publisher={Wiley Online Library}
}

@misc{netlib,
  title = {The {NETLIB LP} Test Problem Set},
  howpublished = {\url{http://www.numerical.rl.ac.uk/cute/netlib.html}},
  note = {Accessed: 2018-02-20}
}

@incollection{andersen2000mosek,
  title={The MOSEK interior point optimizer for linear programming: an implementation of the homogeneous algorithm},
  author={Andersen, Erling D and Andersen, Knud D},
  booktitle={High performance optimization},
  pages={197--232},
  year={2000},
  publisher={Springer}
}

@article{andersen1995presolving,
  title={Presolving in linear programming},
  author={Andersen, Erling D and Andersen, Knud D},
  journal={Mathematical Programming},
  volume={71},
  number={2},
  pages={221--245},
  year={1995},
  publisher={Springer}
}

@article{steihaug_conjugate_1983,
  title = {The Conjugate Gradient Method and Trust Regions in Large Scale Optimization},
  volume = {20},
  timestamp = {2017-08-20T17:49:21Z},
  number = {3},
  journal = {SIAM Journal on Numerical Analysis},
  author = {Steihaug, Trond},
  year = {1983},
  pages = {626--637}
}

@book{nocedal_numerical_2006,
  edition = {Second},
  title = {Numerical {{Optimization}}},
  timestamp = {2017-08-20T17:53:08Z},
  publisher = {{Springer Science \& Business Media}},
  author = {Nocedal, Jorge and Wright, Stephen},
  year = {2006}
}

@article{more_computing_1983,
  title = {Computing a Trust Region Step},
  volume = {4},
  timestamp = {2017-08-20T17:53:10Z},
  number = {3},
  journal = {SIAM Journal on Scientific and Statistical Computing},
  author = {Mor{\'e}, Jorge J and Sorensen, Danny C},
  year = {1983},
  pages = {553--572}
}

@article{gould_solving_1999,
  title = {Solving the Trust-Region Subproblem Using the {{Lanczos}} Method},
  volume = {9},
  timestamp = {2018-03-26T20:21:12Z},
  number = {2},
  journal = {SIAM Journal on Optimization},
  author = {Gould, Nicholas I. M. and Lucidi, Stefano and Roma, Massimo and Toint, Philippe L},
  year = {1999},
  pages = {504--525}
}

@article{dennis_jr_adaptive_1981-1,
  title = {An Adaptive Nonlinear Least-Squares Algorithm},
  volume = {7},
  timestamp = {2017-09-18T14:45:29Z},
  number = {3},
  journal = {ACM Transactions on Mathematical Software (TOMS)},
  author = {Dennis Jr, John E and Gay, David M and Walsh, Roy E},
  year = {1981},
  pages = {348--368}
}

@article{powell_new_1970,
  title = {A New Algorithm for Unconstrained Optimization},
  timestamp = {2017-08-20T17:51:22Z},
  journal = {Nonlinear programming},
  author = {Powell, Michael JD},
  year = {1970},
  pages = {31--65}
}

@book{conn_trust_2000,
  title = {Trust {{Region Methods}}},
  timestamp = {2017-08-20T17:53:23Z},
  publisher = {{SIAM}},
  author = {Conn, Andrew R and Gould, Nicholas IM and Toint, Philippe L},
  year = {2000}
}

@inproceedings{yuan_review_2000,
  title = {A Review of Trust Region Algorithms for Optimization},
  volume = {99},
  timestamp = {2017-09-11T21:35:46Z},
  urldate = {2017-09-11},
  booktitle = {{{ICIAM}}},
  author = {Yuan, Ya-xiang},
  year = {2000},
  pages = {271--282}
}

@article{tseng_convergence_2001,
  title = {Convergence of a Block Coordinate Descent Method for Nondifferentiable Minimization},
  volume = {109},
  timestamp = {2018-02-23T22:31:39Z},
  number = {3},
  urldate = {2017-09-13},
  journal = {Journal of Optimization Theory and Applications},
  author = {Tseng, Paul},
  year = {2001},
  pages = {475--494}
}

@article{byrd_representations_1994,
  title = {Representations of Quasi-{{Newton}} Matrices and Their Use in Limited Memory Methods},
  volume = {63},
  issn = {0025-5610, 1436-4646},
  doi = {10.1007/BF01582063},
  abstract = {We derive compact representations of BFGS and symmetric rank-one matrices for optimization. These representations allow us to efficiently implement limited memory methods for large constrained optimization problems. In particular, we discuss how to compute projections of limited memory matrices onto subspaces. We also present a compact representation of the matrices generated by Broyden's update for solving systems of nonlinear equations.},
  language = {en},
  timestamp = {2017-10-30T10:15:48Z},
  number = {1-3},
  urldate = {2017-10-30},
  journal = {Mathematical Programming},
  author = {Byrd, Richard H. and Nocedal, Jorge and Schnabel, Robert B.},
  month = jan,
  year = {1994},
  pages = {129--156}
}

@article{nelder_simplex_1965,
  title = {A Simplex Method for Function Minimization},
  volume = {7},
  issn = {0010-4620},
  timestamp = {2018-03-26T19:50:50Z},
  number = {4},
  journal = {The computer journal},
  author = {Nelder, John A and Mead, Roger},
  year = {1965},
  pages = {308--313}
}

@article{powell_efficient_1964,
  title = {An Efficient Method for Finding the Minimum of a Function of Several Variables without Calculating Derivatives},
  volume = {7},
  issn = {0010-4620},
  timestamp = {2018-03-26T19:55:46Z},
  number = {2},
  journal = {The computer journal},
  author = {Powell, Michael JD},
  year = {1964},
  pages = {155--162}
}

@article{polak_note_1969,
  title = {Note Sur La Convergence de M{\'e}thodes de Directions Conjugu{\'e}es},
  volume = {3},
  issn = {0373-8000},
  timestamp = {2018-03-26T19:58:14Z},
  number = {16},
  journal = {Revue fran{\c c}aise d'informatique et de recherche op{\'e}rationnelle. S{\'e}rie rouge},
  author = {Polak, Elijah and Ribiere, Gerard},
  year = {1969},
  pages = {35--43}
}

@incollection{powell_direct_1994,
  title = {A Direct Search Optimization Method That Models the Objective and Constraint Functions by Linear Interpolation},
  timestamp = {2018-03-26T20:34:42Z},
  booktitle = {Advances in Optimization and Numerical Analysis},
  publisher = {{Springer}},
  author = {Powell, Michael JD},
  year = {1994},
  pages = {51--67}
}

@article{nash_newton-type_1984,
  title = {Newton-Type Minimization via the {{Lanczos}} Method},
  volume = {21},
  timestamp = {2018-03-26T20:33:05Z},
  number = {4},
  journal = {SIAM Journal on Numerical Analysis},
  author = {Nash, Stephen G.},
  year = {1984},
  pages = {770--788}
}

@article{zhu_algorithm_1997,
  title = {Algorithm 778: {{L}}-{{BFGS}}-{{B}}: {{Fortran}} Subroutines for Large-Scale Bound-Constrained Optimization},
  volume = {23},
  issn = {0098-3500},
  timestamp = {2018-03-26T20:00:43Z},
  number = {4},
  journal = {ACM Transactions on Mathematical Software (TOMS)},
  author = {Zhu, Ciyou and Byrd, Richard H and Lu, Peihuang and Nocedal, Jorge},
  year = {1997},
  pages = {550--560}
}

@article{byrd_limited_1995,
  title = {A Limited Memory Algorithm for Bound Constrained Optimization},
  volume = {16},
  issn = {1064-8275},
  timestamp = {2018-03-26T20:23:51Z},
  number = {5},
  journal = {SIAM Journal on Scientific Computing},
  author = {Byrd, Richard H and Lu, Peihuang and Nocedal, Jorge and Zhu, Ciyou},
  year = {1995},
  pages = {1190--1208}
}

@article{lenders_trlib:_2016,
  title         = {trlib: {A} vector-free implementation of the {GLTR} method for iterative solution of the trust region problem},
  author        = {F. Lenders and C. Kirches and A. Potschka},
  journal       = {Optimization Methods and Software},
  publisher     = {Taylor & Francis},
  year          = {2018},
  doi           = {10.1080/10556788.2018.1449842},
  url           = {https://doi.org/10.1080/10556788.2018.1449842}
}

@article{wright_direct_1996,
  title = {Direct Search Methods: {{Once}} Scorned, Now Respectable},
  issn = {0269-3674},
  timestamp = {2018-03-26T20:21:17Z},
  journal = {Pitman Research Notes in Mathematics Series},
  author = {Wright, Margaret H},
  year = {1996},
  pages = {191--208}
}

@article{powell_direct_1998,
  title = {Direct Search Algorithms for Optimization Calculations},
  volume = {7},
  issn = {1474-0508},
  timestamp = {2018-03-26T20:35:49Z},
  journal = {Acta numerica},
  author = {Powell, MJD},
  year = {1998},
  pages = {287--336}
}

@article{powell_view_2007,
  title = {A View of Algorithms for Optimization without Derivatives},
  volume = {43},
  issn = {1361-2042},
  timestamp = {2018-03-26T20:36:22Z},
  number = {5},
  journal = {Mathematics Today-Bulletin of the Institute of Mathematics and its Applications},
  author = {Powell, Michael JD},
  year = {2007},
  pages = {170--174}
}

@article{kraft_software_1988,
  title = {A Software Package for Sequential Quadratic Programming},
  issn = {0171-1342},
  timestamp = {2018-03-26T20:37:30Z},
  journal = {Forschungsbericht- Deutsche Forschungs- und Versuchsanstalt fur Luft- und Raumfahrt},
  author = {Kraft, Dieter},
  year = {1988}
}

@article{schittkowski_nonlinear_1982,
  title = {The Nonlinear Programming Method of {{Wilson}}, {{Han}}, and {{Powell}} with an Augmented {{Lagrangian}} Type Line Search Function. {{Part}} 1: {{Convergence}} Analysis.},
  volume = {38},
  issn = {0029-599X, 0945-3245},
  doi = {10.1007/BF01395810},
  abstract = {SummaryThe paper represents an outcome of an extensive comparative study of nonlinear optimization algorithms. This study indicates that quadratic approximation methods which are characterized by solving a sequence of quadratic subproblems recursively, belong to the most efficient and reliable nonlinear programming algorithms available at present. The purpose of this paper is to analyse the theoretical convergence properties and to investigate the numerical performance in more detail. In Part 1, the exactL1-penalty function of Han and Powell is replaced by a differentiable augmented Lagrange function for the line search computation to be able to prove the global convergence and to show that the steplength one is chosen in the neighbourhood of a solution. In Part 2, the quadratic subproblem is exchanged by a linear least squares problem to improve the efficiency, and to test the dependence of the performance from different solution methods for the quadratic or least squares subproblem.},
  number = {1},
  urldate = {2018-03-28},
  journal = {Numerische Mathematik},
  author = {Schittkowski, Klaus},
  month = feb,
  year = {1982},
  pages = {83--114}
}

@article{schittkowski_nonlinear_1982-1,
  title = {The Nonlinear Programming Method of {{Wilson}}, {{Han}}, and {{Powell}} with an Augmented {{Lagrangian}} Type Line Search Function. {{Part}} 2: {{An}} Efficient Implementation with Linear Least Squares Subproblems},
  volume = {38},
  issn = {0029-599X, 0945-3245},
  doi = {10.1007/BF01395811},
  abstract = {SummaryThe paper represents an outcome of an extensive comparative study of nonlinear optimization algorithms. This study indicates that quadratic approximation methods which are characterized by solving a sequence of quadratic subproblems recursively, belong to the most efficient and reliable nonlinear programming algorithms available at present. The purpose of this paper is to analyse the theoretical convergence properties and to investigate the numerical performance in more detail. In Part 1, the exactL1-penalty function of Han and Powell is replaced by a differentiable augmented Lagrange function for the line search computation to the able to prove the global convergence and to show that the steplength one is chosen in the neighbourhood of a solution. In Part 2, the quadratic subproblem is exchanged by a linear least squares problem to improve the efficiency, and to test the dependence of the performance from different solution methods for the quadratic or least squares subproblems.},
  number = {1},
  urldate = {2018-03-28},
  journal = {Numerische Mathematik},
  author = {Schittkowski, Klaus},
  month = feb,
  year = {1982},
  pages = {115--127},
}

@article{schittkowski_convergence_1983,
  title = {On the Convergence of a Sequential Quadratic Programming Method with an Augmented Lagrangian Line Search Function},
  volume = {14},
  issn = {0323-3898},
  doi = {10.1080/02331938308842847},
  number = {2},
  journal = {Mathematische Operationsforschung und Statistik. Series Optimization},
  author = {Schittkowski, Klaus},
  month = jan,
  year = {1983},
  pages = {197--216}
}

@Article{Wales1997,
  author  = {Wales, D.J. and Doye, J. P. K.},
  title   = {Global Optimization by Basin-Hopping and the Lowest Energy Structures of Lennard-Jones Clusters Containing up to 110 Atoms},
  journal = {Journal of Physical Chemistry A},
  year    = {1997},
  volume  = {101},
  pages   = {5111},
}

@Article{Storn1997,
  author  = {Storn, R and Price, K},
  title   = {Differential Evolution - a Simple and Efficient Heuristic for Global Optimization over Continuous Spaces},
  journal = {Journal of Global Optimization},
  year    = {1997},
  volume  = {11},
  pages   = {341-359},
}

@Article{Wormington1999,
  author  = {Wormington, Matthew and Panaccione, Charles and Matney Kevin M. and Bowen, D. Keith},
  title   = {Characterization of structures from X-ray scattering data using genetic algorithms},
  journal = {Phil. Trans. R. Soc. Lond. A},
  year    = {1999},
  volume  = {357},
  pages   = {2827–2848},
}

@misc{CODATA2014,
  howpublished="\url{http://physics.nist.gov/cuu/Constants/index.html}",
  author="NIST",
  title= "{CODATA} 2014 recommended values of the fundamental physical constants",
  year="2014"
}

@online{SciPyProjectGovernance,
author = {{The SciPy Community}},
title = {{SciPy} Project Governance},
year = 2017,
url = {https://docs.scipy.org/doc/scipy/reference/dev/governance/governance.html},
urldate = {2018-06-01}
}

@online{SciPyCodeOfConduct,
author = {{The SciPy Community}},
title = {{SciPy} Code of Conduct},
year = 2017,
url = {https://docs.scipy.org/doc/scipy/reference/dev/conduct/code_of_conduct.html},
urldate = {2018-06-01}
}

@online{ApacheCodeOfConduct,
author = {{Apache Software Foundation}},
title = {Apache Software Foundation Code of Conduct},
year = 2018,
url = {https://www.apache.org/foundation/policies/conduct.html},
urldate = {2018-06-01}
}

@online{ContributorConvenant,
author = {Ada Ehmke, Coraline},
title = {A Code of Conduct for Open Source Projects},
year = 2014,
url = {https://www.contributor-covenant.org/},
urldate = {2018-06-01}
}

@online{Jupyter_COC,
author = {Perez, Fernando and Panda, Yuvi and Ivanov, Paul and Grout, Jason },
title = {Project {J}upyter Code of Conduct},
year = 2017,
url = {https://github.com/jupyter/governance/blob/master/conduct/code_of_conduct.md},
urldate = {2018-06-01}
}

@online{OSG_COC,
author = {Eghbal, Nadia and Keepers, Brandon and Wills, Stephanie and
	Linksvayer, Mike},
title = {Open Source Guides: Your Code of Conduct},
year = 2018,
url = {https://opensource.guide/code-of-conduct/},
urldate = {2018-06-01}
}

@Article{pmid17287757,
   Author="Keiser, M. J.  and Roth, B. L.  and Armbruster, B. N.  and Ernsberger, P.  and Irwin, J. J.  and Shoichet, B. K. ",
   Title="{{R}elating protein pharmacology by ligand chemistry}",
   Journal="Nat. Biotechnol.",
   Year="2007",
   Volume="25",
   Number="2",
   Pages="197--206",
   Month="Feb"
}

@article{1475-7516-2012-08-007,
  author={Christoph Weniger},
  title={A tentative gamma-ray line from Dark Matter annihilation at the Fermi Large Area Telescope},
  journal={Journal of Cosmology and Astroparticle Physics},
  volume={2012},
  number={08},
  pages={007},
  url={http://stacks.iop.org/1475-7516/2012/i=08/a=007},
  year={2012},
}

@article{SWARZTRAUBER198445,
title = "FFT algorithms for vector computers",
journal = "Parallel Computing",
volume = "1",
number = "1",
pages = "45 - 63",
year = "1984",
issn = "0167-8191",
doi = "https://doi.org/10.1016/S0167-8191(84)90413-7",
url = "http://www.sciencedirect.com/science/article/pii/S0167819184904137",
author = "Paul N. Swarztrauber",
}

@incollection{SWARZTRAUBER198251,
title = "Vectorizing the FFTs**This chapter was written while the author was visiting the Scientific Computing Division at the National Bureau of Standards.",
editor = "GARRY RODRIGUE",
booktitle = "Parallel Computations",
publisher = "Academic Press",
pages = "51 - 83",
year = "1982",
isbn = "978-0-12-592101-5",
doi = "https://doi.org/10.1016/B978-0-12-592101-5.50007-5",
url = "http://www.sciencedirect.com/science/article/pii/B9780125921015500075",
author = "Paul N. Swarztrauber"
}

@book{Koelbel:1993:HPF:562354,
 author = {Koelbel, Charles H. and Zosel, Mary E.},
 title = {The High Performance {FORTRAN} Handbook},
 year = {1993},
 isbn = {0262111853},
 publisher = {MIT Press},
 address = {Cambridge, MA, USA},
}

@book{citeulike:2644528,
    address = {North-Holland Amsterdam},
    author = {Hindmarsh, A. C.},
    booktitle = {Scientific Computing},
    citeulike-article-id = {2644528},
    editor = {Stepleman, R. S.},
    journal = {IMACS Transactions on Scientific Computation},
    keywords = {numerics, ode, sstoma},
    pages = {55--64},
    posted-at = {2008-04-09 13:29:07},
    priority = {2},
    series = {IMACS Transactions on Scientific Computation},
    title = {{ODEPACK, A Systematized Collection of ODE Solvers , R. S. Stepleman et al. (eds.), North-Holland, Amsterdam, (vol. 1 of ), pp. 55-64.}},
    volume = {1},
    year = {1983}
}

@BOOK{1983qspa.book.....P,
   author = {{Piessens}, R. and {de Doncker-Kapenga}, E. and {Ueberhuber}, C.~W.
	},
    title = "{Quadpack. A subroutine package for automatic integration}",
booktitle = {Springer Series in Computational Mathematics, Berlin: Springer, 1983},
     year = 1983,
   adsurl = {http://adsabs.harvard.edu/abs/1983qspa.book.....P},
  adsnote = {Provided by the SAO/NASA Astrophysics Data System}
}

@book{Dierckx:1993:CSF:151103,
 author = {Dierckx, Paul},
 title = {Curve and Surface Fitting with Splines},
 year = {1993},
 isbn = {0-19-853441-8},
 publisher = {Oxford University Press, Inc.},
 address = {New York, NY, USA},
}

@book{deBoor1978,
 author = {de Boor, Carl},
 title = {A practical guide to splines},
 year = {1978},
 publisher = {Springer-Verlag},
}


@online{FITPACK,
author = {Dierckx, Paul},
title = {{FITPACK}},
url = {http://netlib.org/dierckx/},
}


@article{FritschCarlson1980,
    author = {Fritsch, F. N. and Carlson, R. E.},
    title = {Monotone Piecewise Cubic Interpolation},
    journal = {SIAM Journal on Numerical Analysis},
    volume = {17},
    number = {2},
    year = {1980},
    pages = {238-246},
}

@article{Akima1970,
    author = {H. Akima},
    title = {A New Method of Interpolation and Smooth Curve Fitting Based on Local Procedures},
    journal = {Journal of ACM},
    volume = {17},
    number = {4},
    year = {1970},
    pages = {589-602},
}

@book{ODRPACK_Boggs,
 author = {Boggs, Paul T. and Byrd, Richard H. and Rogers, Janet E. and Schnabel, Robert B.},
 title = {User's Reference Guide for ODRPACK Version 2.01 Software for Weight
	 Orthogonal Distance Regression},
 year = {1992},
 publisher = {U.S. Department of Commerce, National Institute of Standards and
 Technology},
}


@book{osti_6997568,
title = {User guide for MINPACK-1. [In FORTRAN]},
author = {More, J. J. and Garbow, B. S. and Hillstrom, K. E.},
abstractNote = {MINPACK-1 is a pack of FORTRAN subprograms for the numerical solution of nonlinear equations and nonlinear least-squares problems. This report provides an overview of the algorithms and software in the package, and includes the documentation and program listings.},
doi = {10.2172/6997568},
year = {1980},
month = {8},
publisher = {Argonne National Laboratory Report ANL-80-74},
}

@techreport{leh:sor:yan96,
    author = {Lehoucq and Sorensen and Yang, C.},
    citeulike-article-id = {315452},
    institution = {Rice University},
    keywords = {bibtex-import},
    posted-at = {2005-09-10 19:11:48},
    priority = {2},
    title = {{ARPACK Users' Guide: Solution of Large Scale Eigenvalue Problems with Implicitly Restarted Arnoldi Methods.}},
    year = {1996}
}

@article{Amos:1986:APP:7921.214331,
 author = {Amos, D. E.},
 title = {Algorithm 644: A Portable Package for Bessel Functions of a Complex Argument and Nonnegative Order},
 journal = {ACM Trans. Math. Softw.},
 issue_date = {Sept. 1986},
 volume = {12},
 number = {3},
 month = sep,
 year = {1986},
 issn = {0098-3500},
 pages = {265--273},
 numpages = {9},
 url = {http://doi.acm.org/10.1145/7921.214331},
 doi = {10.1145/7921.214331},
 acmid = {214331},
 publisher = {ACM},
 address = {New York, NY, USA},
 keywords = {H, I, J, K, and Y Bessel functions, complex Bessel functions, complex airy functions, derivatives of airy functions, log gamma function},
}

@online{CDFLIB_site,
author = {Brown, Barry and Lovato, James and Russell, Kathy},
title = {{CDFLIB}},
url = {https://people.sc.fsu.edu/~jburkardt/f_src/cdflib/cdflib.html},
urldate = {2018-07-06}
}

@book{Kernighan:1988:CPL:576122,
 author = {Kernighan, Brian W.},
 editor = {Ritchie, Dennis M.},
 title = {The  C Programming Language},
 year = {1988},
 isbn = {0131103709},
 edition = {2nd},
 publisher = {Prentice Hall Professional Technical Reference},
}

@article{doi:10.1080/10556788.2018.1449842,
author = {F. Lenders and C. Kirches and A. Potschka},
title = {trlib: a vector-free implementation of the GLTR method for iterative solution of the trust region problem},
journal = {Optimization Methods and Software},
volume = {33},
number = {3},
pages = {420-449},
year  = {2018},
publisher = {Taylor & Francis},
doi = {10.1080/10556788.2018.1449842},
URL = { 
        https://doi.org/10.1080/10556788.2018.1449842
},
eprint = { 
        https://doi.org/10.1080/10556788.2018.1449842
}
}

@techreport{superlu_ug99,
     AUTHOR = {X.S. Li and J.W. Demmel and J.R. Gilbert and iL. Grigori and M. Shao and
          I. Yamazaki},
     INSTITUTION = {Lawrence Berkeley National Laboratory},
     NUMBER = {LBNL-44289},
     TITLE = {{SuperLU Users' Guide}},
     MONTH = {September},
     YEAR = {1999},
     NOTE = "\url{http://crd.lbl.gov/~xiaoye/SuperLU/}.
             Last update: August 2011"
}

@article{li05,
    AUTHOR = {Xiaoye S. Li},
    TITLE = {An Overview of {SuperLU}: Algorithms, Implementation,
             and User Interface},
    journal = toms,
    volume = {31},
    number = {3},
    month = {September},
    year = {2005},
    pages = {302-325},
}

@article{Barber:1996:QAC:235815.235821,
 author = {Barber, C. Bradford and Dobkin, David P. and Huhdanpaa, Hannu},
 title = {The Quickhull Algorithm for Convex Hulls},
 journal = {ACM Trans. Math. Softw.},
 issue_date = {Dec. 1996},
 volume = {22},
 number = {4},
 month = dec,
 year = {1996},
 issn = {0098-3500},
 pages = {469--483},
 numpages = {15},
 url = {http://doi.acm.org/10.1145/235815.235821},
 doi = {10.1145/235815.235821},
 acmid = {235821},
 publisher = {ACM},
 address = {New York, NY, USA},
 keywords = {Delaunay triangulation, Voronoi diagram, convex hull, halfspace intersection},
}

@online{cephes_netlib,
author = {Stephen L. Moshier},
title = {{Cephes}},
url = {http://www.netlib.org/cephes/readme},
urldate = {2018-07-06}
}

@inproceedings{Bolz:2009:TMP:1565824.1565827,
 author = {Bolz, Carl Friedrich and Cuni, Antonio and Fijalkowski, Maciej and Rigo, Armin},
 title = {Tracing the Meta-level: PyPy's Tracing JIT Compiler},
 booktitle = {Proceedings of the 4th Workshop on the Implementation, Compilation, Optimization of Object-Oriented Languages and Programming Systems},
 series = {ICOOOLPS '09},
 year = {2009},
 isbn = {978-1-60558-541-3},
 location = {Genova, Italy},
 pages = {18--25},
 numpages = {8},
 url = {http://doi.acm.org/10.1145/1565824.1565827},
 doi = {10.1145/1565824.1565827},
 acmid = {1565827},
 publisher = {ACM},
 address = {New York, NY, USA},
}

@inproceedings{Lam:2015:NLP:2833157.2833162,
 author = {Lam, Siu Kwan and Pitrou, Antoine and Seibert, Stanley},
 title = {Numba: A LLVM-based Python JIT Compiler},
 booktitle = {Proceedings of the Second Workshop on the LLVM Compiler Infrastructure in HPC},
 series = {LLVM '15},
 year = {2015},
 isbn = {978-1-4503-4005-2},
 location = {Austin, Texas},
 pages = {7:1--7:6},
 articleno = {7},
 numpages = {6},
 url = {http://doi.acm.org/10.1145/2833157.2833162},
 doi = {10.1145/2833157.2833162},
 acmid = {2833162},
 publisher = {ACM},
 address = {New York, NY, USA},
 keywords = {LLVM, Python, compiler},
}

@article{Sproull:1991:RNS:3118219.3118331,
 author = {Sproull, Robert F.},
 title = {Refinements to Nearest-neighbor Searching In k-dimensional Trees},
 journal = {Algorithmica},
 issue_date = {June      1991},
 volume = {6},
 number = {1-6},
 month = jun,
 year = {1991},
 issn = {0178-4617},
 pages = {579--589},
 numpages = {11},
 url = {https://doi.org/10.1007/BF01759061},
 doi = {10.1007/BF01759061},
 acmid = {3118331},
 publisher = {Springer-Verlag New York, Inc.},
 address = {Secaucus, NJ, USA},
 keywords = {Nearest-neighbor search, Searching, k-dimensional tree},
}

@book{Cormen:2001:IA:580470,
 author = {Cormen, Thomas H. and Stein, Clifford and Rivest, Ronald L. and Leiserson, Charles E.},
 title = {Introduction to Algorithms},
 year = {2001},
 isbn = {0070131511},
 edition = {2nd},
 publisher = {McGraw-Hill Higher Education},
}

@article{Bentley:1975:MBS:361002.361007,
 author = {Bentley, Jon Louis},
 title = {Multidimensional Binary Search Trees Used for Associative Searching},
 journal = {Commun. ACM},
 issue_date = {Sept. 1975},
 volume = {18},
 number = {9},
 month = sep,
 year = {1975},
 issn = {0001-0782},
 pages = {509--517},
 numpages = {9},
 url = {http://doi.acm.org/10.1145/361002.361007},
 doi = {10.1145/361002.361007},
 acmid = {361007},
 publisher = {ACM},
 address = {New York, NY, USA},
 keywords = {associative retrieval, attribute, binary search trees, binary tree insertion, information retrieval system, intersection queries, key, nearest neighbor queries, partial match queries},
}

@InProceedings{10.1007/978-3-540-75755-9_107,
author="Aspn{\"a}s, Mats
and Signell, Artur
and Westerholm, Jan",
editor="K{\aa}gstr{\"o}m, Bo
and Elmroth, Erik
and Dongarra, Jack
and Wa{\'{s}}niewski, Jerzy",
title="Efficient Assembly of Sparse Matrices Using Hashing",
booktitle="Applied Parallel Computing. State of the Art in Scientific Computing",
year="2007",
publisher="Springer Berlin Heidelberg",
address="Berlin, Heidelberg",
pages="900--907",
isbn="978-3-540-75755-9"
}

@online{SciPy_roadmap,
author = {{The SciPy Project Community}},
title = {SciPy {R}oadmap},
year = 2018,
url = {https://docs.scipy.org/doc/scipy/reference/roadmap.html},
urldate = {2018-06-27}
}

@online{SciPy_tutorials,
author = {{The SciPy Project Community}},
title = {SciPy {T}utorial},
year = 2018,
url = {https://docs.scipy.org/doc/scipy/reference/tutorial/},
urldate = {2018-06-28}
}

@online{Sparse_Arrays,
author = {{Hameer Abbasi}},
title = {{S}parse multi-dimensional arrays for the {PyData} ecosystem},
year = 2018,
url = {https://github.com/pydata/sparse},
urldate = {2018-07-24}
}
